<?xml version="1.0" encoding="UTF-8"?><record xmlns="http://www.loc.gov/MARC21/slim" xmlns:cinclude="http://apache.org/cocoon/include/1.0" xmlns:zs="http://www.loc.gov/zing/srw/">
  <leader>00712nz  a2200181n  4500</leader>
  <controlfield tag="001">no 95052349 </controlfield>
  <controlfield tag="003">DLC</controlfield>
  <controlfield tag="005">19951104053611.8</controlfield>
  <controlfield tag="008">951103n| acannaab|          |a ana      </controlfield>
  <datafield tag="010" ind1=" " ind2=" ">
    <subfield code="a">no 95052349 </subfield>
  </datafield>
  <datafield tag="035" ind1=" " ind2=" ">
    <subfield code="a">(OCoLC)oca03952104 </subfield>
  </datafield>
  <datafield tag="040" ind1=" " ind2=" ">
    <subfield code="a">DLC-S</subfield>
    <subfield code="c">DLC-S</subfield>
  </datafield>
  <datafield tag="110" ind1="2" ind2="0">
    <subfield code="a">Purple Lotus Society of USA</subfield>
  </datafield>
  <datafield tag="410" ind1="2" ind2="0">
    <subfield code="a">Chen fo tsung tzu lien tʻang</subfield>
  </datafield>
  <datafield tag="410" ind1="2" ind2="0">
    <subfield code="a">Tzu lien tʻang</subfield>
  </datafield>
  <datafield tag="410" ind1="2" ind2="0">
    <subfield code="a">Purple Lotus Society</subfield>
  </datafield>
  <datafield tag="410" ind1="2" ind2="0">
    <subfield code="a">Chiu-chin-shan tzu lien tʻang</subfield>
  </datafield>
  <datafield tag="670" ind1=" " ind2=" ">
    <subfield code="a">The Purple lotus, May-June 1995:</subfield>
    <subfield code="b">colophon (Purple Lotus Society of USA; a non-profit religious Corporation; located in California; Chen fo tsung tzu lien tʻang) p. 44, etc. (Tzu lien tʻang; Purple Lotus Society; Chiu-chin-shan tzu lien tʻang)</subfield>
  </datafield>
</record>